@article{shortage_of_workers,
	Author = {Daphne Leprince-Ringuet},
	Publisher = {ZDNET},
	Title = {The shortage of tech workers is about to become an even bigger problem for everyone},
	Year = {2021},
	Url = {https://www.zdnet.com/article/the-shortage-of-tech-workers-is-about-to-become-an-even-bigger-problem-for-everyone/},
}
@article{technology_for_stem,
	Author = {Pandora Dorouka and Stamatis Papadakis and Michail Kalogiannakis},
	Publisher = {Int. J. Mobile Learning and Organisation, Vol. 14, No. 2, 2020},
	Title = {Tablets and apps for promoting robotics, mathematics, STEM education and literacy in early childhood education},
	Year = {2020},
	Address = {Rethymnon and Heraklion, Crete, Greece},
	Organization = {Department of Preschool Education, University of Crete}
}

@article{mentor_forward_kinematics,
	Author = {Vincent O.S. Olunloyo and Michael Ayomoh and I. Adeoti},
	Title = {On the Mentor Arm Position Placement Problem: A forward Kinematics Analysis},
	Year = {2011},
	Organization = {Faculty of Engineering, University of Lagos, Lagos 100001 Nigeria and  Department of Engineering Technology, Texas Southern University, Houston, TX 77004, USA}
}