@misc{shortage_of_workers,
	Author = {Daphne Leprince-Ringuet},
	Publisher = {ZDNET},
	Title = {The shortage of tech workers is about to become an even bigger problem for everyone},
	Year = {2021},
	HowPublished = {Disponível em \url{https://www.zdnet.com/article/the-shortage-of-tech-workers-is-about-to-become-an-even-bigger-problem-for-everyone}. Acesso em 10/11/2022},
}

@article{technology_for_stem,
	Author = {Pandora Dorouka and Stamatis Papadakis and Michail Kalogiannakis},
	Publisher = {Int. J. Mobile Learning and Organisation, Vol. 14, No. 2, 2020},
	Title = {Tablets and apps for promoting robotics, mathematics, STEM education and literacy in early childhood education},
	Year = {2020},
	Address = {Rethymnon and Heraklion, Crete, Greece},
	Organization = {Department of Preschool Education, University of Crete},
	Url = {https://www.researchgate.net/publication/340405779_Tablets_and_apps_for_promoting_robotics_mathematics_STEM_education_and_literacy_in_early_childhood_education}
}

@article{mentor_forward_kinematics,
	Author = {Vincent O.S. Olunloyo and Michael Ayomoh and I. Adeoti},
	Title = {On the Mentor Arm Position Placement Problem: A forward Kinematics Analysis},
	Year = {2011},
	Organization = {Faculty of Engineering, University of Lagos, Lagos 100001 Nigeria and  Department of Engineering Technology, Texas Southern University, Houston, TX 77004, USA},
	Url = {https://www.researchgate.net/publication/258998642_On_the_Mentor_Arm_Position_Placement_Problem_A_forward_Kinematics_Analysis}
}

@article{controle_neural_robo,
	Author = {José Antônio Riul and Paulo Henrique de Miranda Montenegro and Gustavo de Sá Ferreira},
	Title = {Controle Neural de Três Elos de um Robô de Cinco Graus de Liberdade},
	Year = {2018},
	Organization = {INEGI/FEUP},
	Url = {https://paginas.fe.up.pt/~tem2/Proceedings_TEMM2018/data/papers/7315.pdf}
}

@misc{esp32_datasheet,
	Author = {Espressif},
	Title = {ESP32 Series Datasheet},
	Year = {2023},
	HowPublished = {Disponível em \url{https://www.espressif.com/sites/default/files/documentation/esp32\_datasheet\_en.pdf}. Acesso em 02/06/2023}
}

@misc{h_bridge,
	Author = {Digilent},
	Title = {H-Bridges},
	Year = {2012},
	HowPublished = {Disponível em \url{https://learn.digilentinc.com/Documents/325}. Acesso em 10/12/2022}
}

@misc{inverse_kinematics,
	Author = {Norberto Torres-Reyes},
	Title = {2-Link Kinematics of Planar Robotic Arm},
	Year = {2018},
	HowPublished = {Disponível em \url{https://www.daslhub.org/unlv/wiki/doku.php?id=2\_link\_kinematics}. Acesso em 26/05/2023}
}

@mastersthesis{jogador_xadrez,
	Author = {Leonardo Dalla Rosa de Moraes},
	Title = {Jogador de Xadrez Robótico com Visão Computacional},
	Year = {2021},
	School = {Universidade de Caxias do Sul},
	Type = {Bacharelado em Ciência da Computação},
	Url = {https://repositorio.ucs.br/xmlui/handle/11338/9675}
}

@article{ferramenta_braco_robotico,
	Author = {Alberto Cardona and  Paul H. Kohan and Ricardo D. Quinteros and Mario A. Storti},
	Title = {Uma Ferramenta Computacional para Manipulação de um Braço Robótico},
	Year = {2012},
	Organization = {Centro Federal de Educação Tecnológica do Rio de Janeiro},
	Url = {https://amcaonline.org.ar/ojs/index.php/mc/article/view/4277/4203}
}

@article{inverse_kinematics_five_joint,
	Author = {Vincent Olunloyo1 and Oyewusi Ibidapo-Obe1 and David Olowookere2 and Michael Ayomoh1},
	Title = {Inverse Kinematics Analysis of a Five Jointed Revolute Arm Mechanism},
	Year = {2014},
	Organization = {University of Lagos and Texas Southern University},
	Url = {https://www.researchgate.net/publication/281003482_Inverse_Kinematics_Analysis_of_a_Five_Jointed_Revolute_Arm_Mechanism}
}

@misc{stockfish_python,
	Author = {Ilya Zhelyabuzhsky},
	Title = {Stockfish},
	Year = {2022},
	HowPublished = {Disponível em \url{https://pypi.org/project/stockfish}. Acesso em 22/05/2023}
}

@misc{stockfish_engine,
	Author = {Tord Romstad and Marco Costalba and Joona Kiiski},
	Title = {Stockfish},
	Year = {2022},
	HowPublished = {Disponível em \url{https://stockfishchess.org}. Acesso em 22/05/2023}
}

@misc{pyserial,
	Author = {Chris Liechti},
	Title = {Pyserial},
	Year = {2020},
	HowPublished = {Disponível em \url{https://pypi.org/project/pyserial}. Acesso em 22/05/2023}
}

@article{robotica_educacao,
	Author = {Guilherme Martignago Zilli and Gustavo Lambert},
	Title = {Desenvolvendo a Educação Através da Robótica Móvel: Uma Proposta Pedagógica para o Ensino de Engenharia},
	Year = {2010},
	Organization = {Universidade do Estado de Santa Catarina, Departamento de Engenharia Elétrica, Grupo PET Engenharia Elétrica},
	Url = {http://www.abenge.org.br/cobenge/legado/arquivos/9/artigos/606.pdf}
}

@misc{xadrez_historia,
	Author = {Igor Alvesi},
	Title = {Xadrez: o que é, regras, objetivo e história},
	Year = {2023},
	HowPublished = {Disponível em \url{https://www.significados.com.br/xadrez/}. Acesso em 03/07/2023}
}